@online{BBoJ,
author = {Birgit Bertelsmeier},
title = {Tipps zum Schreiben einer Abschlussarbeit},
year = {oJ},
url = {http://lwibs01.gm.fh-koeln.de/blogs/bertelsmeier/files/2008/05/abschlussarbeitsbetreuung.pdf},
organization = {Fachhochschule Köln - Campus Gummersbach, Institut für Informatik},
urldate = {2013-10-29},
}
@online{HR08,
author = {Marion Halfmann and Hans Rühmann},
title = {Merkblatt zur Anfertigung von Projekt-, Bachelor-, Master- und Diplomarbeiten der Fakultät 10},
year = {2008},
url = {http://www.f10.fh-koeln.de/imperia/md/content/pdfs/studium/tipps/anleitungda270108.pdf},
organization = {Fachhochschule Köln - Campus Gummersbach},
urldate = {2013-10-29},
}
@book{SW11,
author = {Christine Stickel-Wolf and Joachim Wolf},
title = {Wissenschaftliches Lernen und Lerntechniken},
year = {2011},
subtitle = {Erfolgreich studieren–-gewusst wie!},
publisher = {Gabler},
location = {Wiesbaden},
}


@article{einstein,
    author =       "Albert Einstein",
    title =        "{Zur Elektrodynamik bewegter K{\"o}rper}. ({German})
    [{On} the electrodynamics of moving bodies]",
    journal =      "Annalen der Physik",
    volume =       "322",
    number =       "10",
    pages =        "891--921",
    year =         "1905",
    DOI =          "http://dx.doi.org/10.1002/andp.19053221004",
    keywords =     "physics"
}

@book{dirac,
    title={The Principles of Quantum Mechanics},
    author={Paul Adrien Maurice Dirac},
    isbn={9780198520115},
    series={International series of monographs on physics},
    year={1981},
    publisher={Clarendon Press},
    keywords = {physics}
}

@online{knuthwebsite,
    author    = "Donald Knuth",
    title     = "Knuth: Computers and Typesetting",
    url       = "http://www-cs-faculty.stanford.edu/~uno/abcde.html",
    keywords  = "latex,knuth"
}

@inbook{knuth-fa,
    author = "Donald E. Knuth",
    title = "Fundamental Algorithms",
    publisher = "Addison-Wesley",
    year = "1973",
    chapter = "1.2",
    keywords  = "knuth,programming"
}
